<record><leader>00000cas a22000007a 4500</leader><controlfield tag="001">10639046</controlfield><controlfield tag="008">840418c19uu9999wiusn ne      0   a0eng d</controlfield><datafield ind1=" " ind2=" " tag="010"><subfield code="a">sn 84007714 </subfield></datafield><datafield ind1=" " ind2=" " tag="040"><subfield code="a">NSD</subfield><subfield code="b">eng</subfield><subfield code="c">NSD</subfield><subfield code="d">OCLCQ</subfield></datafield><datafield ind1=" " ind2=" " tag="012"><subfield code="m">1</subfield></datafield><datafield ind1="1" ind2=" " tag="022"><subfield code="a">0747-2234</subfield><subfield code="l">0747-2234</subfield><subfield code="2">1</subfield></datafield><datafield ind1=" " ind2=" " tag="032"><subfield code="a">535710</subfield><subfield code="b">USPS</subfield></datafield><datafield ind1=" " ind2=" " tag="037"><subfield code="b">Fox River Publishing Company, Box 54, Princeton, WI 54968</subfield></datafield><datafield ind1=" " ind2=" " tag="042"><subfield code="a">nsdp</subfield></datafield><datafield ind1=" " ind2="0" tag="222"><subfield code="a">Fox river patriot &amp; flyer</subfield></datafield><datafield ind1="0" ind2="0" tag="245"><subfield code="a">Fox river patriot &amp; flyer.</subfield></datafield><datafield ind1="3" ind2="0" tag="246"><subfield code="a">Fox river patriot</subfield></datafield><datafield ind1="3" ind2="0" tag="246"><subfield code="a">Fox river patriot and flyer</subfield></datafield><datafield ind1="1" ind2="7" tag="246"><subfield code="a">Patriot &amp; flyer</subfield></datafield><datafield ind1="3" ind2="0" tag="246"><subfield code="a">Patriot and flyer</subfield></datafield><datafield ind1=" " ind2=" " tag="260"><subfield code="a">Princeton, Wisc. :</subfield><subfield code="b">Fox River Pub. Co.</subfield></datafield><datafield ind1=" " ind2=" " tag="310"><subfield code="a">Semimonthly (except monthly, Dec.)</subfield></datafield><datafield ind1=" " ind2=" " tag="588"><subfield code="a">Description based on: Issue no. 146 (Apr. 12, 1984).</subfield></datafield><datafield ind1=" " ind2=" " tag="752"><subfield code="a">United States</subfield><subfield code="b">Wisconsin</subfield><subfield code="c">Fond du Lac</subfield><subfield code="d">Princeton.</subfield></datafield><datafield ind1=" " ind2=" " tag="936"><subfield code="a">Apr. 12, 1984</subfield></datafield></record>